@book{coll:2012,
    title = {Жития Феодосия Тотемского, Вассиана Тиксненского и Андрея Тотемского},
    subtitle = {Тексты и словоуказатель},
    author = {И. В. Азарова and Е. Л. Алексеева and Л. А. Захарова and К. Н. Лемешев and Р. П. Биланчук},
    editor = {А. С. Герда},
    address = {СПб.},
    date = {2012},
    langid = {russian},
}

@book{agio:1990,
    title = {Язык русской агиографии {XVI} века},
    subtitle = {Опыт автоматического анализа},
    author = {А. С. Герд and Е. Л. Кузнецова and С. А. Аверина and И. В. Азарова and А. Д. Кривоносов and В. В. Рождественская and Т. В. Рождественская},
    editor = {А. С. Герда},
    address = {Л.},
    date = {1990},
    langid = {russian},
}
