@article{alexeeva:2019,
    author = {Е. Л. Алексеева},
    title = {К вопросу о маркировании библейских цитат в корпусе {СКАТ}},
    journaltitle = {Структурная и прикладная лингвистика},
    issue = {12},
    address = {СПб.},
    date = {2019},
    pages = {53--60},
    url = {https://elibrary.ru/item.asp?id=41085970},
    urldate = {2020-12-01},
    langid = {russian},
}

@article{rogozina:2015,
    author = {Е. А. Рогозина},
    title = {Уточнение и {XML}"=разметка сюжетной схемы житий в корпусе агиографических текстов {СКАТ}},
    journaltitle = {Структурная и прикладная лингвистика},
    issue = {11},
    address = {СПб.},
    date = {2015},
    pages = {168--173},
    url = {http://elibrary.ru/item.asp?id=25849106},
    urldate = {2020-06-01},
    langid = {russian},
}

@article{alexeeva:2014,
    author = {Е. Л. Алексеева},
    title = {Синтаксическая разметка корпуса древнерусских агиографических текстов {СКАТ}},
    journaltitle = {Структурная и прикладная лингвистика},
    issue = {10},
    address = {СПб.},
    date = {2014},
    pages = {345--351},
    url = {https://www.elibrary.ru/item.asp?id=26445179},
    urldate = {2020-06-01},
    langid = {russian},
}

@inproceedings{azarova_alexeeva:2013,
    author = {И. В. Азарова and Е. Л. Алексеева},
    title = {Особенности морфо"=синтаксической разметки древнерусских агиографических текстов},
    booktitle = {Труды международной конференции "<Корпусная лингвистика~"--- 2013">},
    OPTeventdate = {2013-06-25/2013-06-27},
    address = {СПб.},
    date = {2013},
    pages = {157--164},
    url = {https://events.spbu.ru/eventsContent/files/corpling/corpora2013/Alexeeva.pdf},
    urldate = {2020-06-01},
    langid = {russian},
}

@inproceedings{alexeev_alexeeva_kasjanenko:2011,
    author = {В. А. Алексеев and Е. Л. Алексеева and С. Е. Касьяненко},
    title = {Грамматическая разметка в корпусе {СКАТ}},
    booktitle = {Труды международной конференции "<Корпусная лингвистика~"--- 2011">},
    OPTeventdate = {2011-06-27/2011-06-29},
    address = {СПб.},
    date = {2011},
    pages = {69--73},
    url = {https://events.spbu.ru/eventsContent/files/corpling/corpora2011/Alexeev_69.pdf},
    urldate = {2020-06-01},
    langid = {russian},
}

@inproceedings{uflyand_alexeeva:2008,
    author = {Е. Г. Уфлянд and Е. Л. Алексеева},
    title = {Сокращение вариативности написания словоформ в служебных компонентах агиографического корпуса {СКАТ}},
    booktitle = {Труды международной конференции "<Корпусная лингвистика~"--- 2008">},
    OPTeventdate = {2008-10-06/2008-10-10},
    address = {СПб.},
    date = {2008},
    pages = {376--378},
    url = {https://events.spbu.ru/eventsContent/files/corpling/corpora2008/UflandAlexeeva_376_378.pdf},
    urldate = {2020-06-01},
    langid = {russian},
}

@article{gerd_alexeeva_azarova_zakharova:2004,
    author = {А. С. Герд and И. В. Азарова and Е. Л. Алексеева and Л. А. Захарова},
    title = {Электронный корпус текстов по памятникам древнерусской агиографической литературы},
    journaltitle = {Научно"=техническая информация},
    OPTseries = {2},
    issue = {9},
    address = {М.},
    date = {2004},
    pages = {16--20},
    url = {http://project.phil.spbu.ru/scat/document/nti.pdf},
    urldate = {2020-06-01},
    langid = {russian},
}

@inproceedings{alexeeva_lavrentiev_azarova_zakharova:2004,
    author = {Е. Л. Алексеева and А. М. Лаврентьев and И. В. Азарова and Л. А. Захарова},
    title = {Разметка корпуса древнерусских агиографических текстов},
    booktitle = {Труды международной конференции "<Корпусная лингвистика~"--- 2004">},
    OPTeventdate = {2004-10-11/2004-10-14},
    address = {СПб.},
    date = {2004},
    pages = {16--23},
    url = {https://events.spbu.ru/eventsContent/files/corpling/corpora2004/Alexeeva_art.pdf},
    urldate = {2020-06-01},
    langid = {russian},
}

@inbook{averina_alexeeva_gerd:1996,
    author = {С. А. Аверина and Е. Л. Алексеева and А. С. Герд},
    title = {Автоматизация обработки древних текстов},
    booktitle = {Прикладное языкознание},
    booksubtitle = {Учебник},
    editor = {А. С. Герда},
    address = {СПб.},
    date = {1996},
    pages = {509--513},
    langid = {russian},
}
