@thesis{sipunin:2020,
    author = {К. В. Сипунин},
    title = {Разработка и реализация грамматического модуля Санкт-Петербургского корпуса агиографических текстов},
    type = {Выпускная квалификационная работа},
    institution = {СПбГУ},
    date = {2020},
    langid = {russian},
}

@thesis{sipunin:2018,
    author = {К. В. Сипунин},
    title = {Автоматическая лемматизация текстов в корпусе {СКАТ} на основе морфологической разметки},
    type = {Выпускная квалификационная работа},
    institution = {СПбГУ},
    OPTaddress = {СПб.},
    date = {2018},
    url = {https://dspace.spbu.ru/handle/11701/14097},
    urldate = {2020-06-01},
    langid = {russian},
}

@thesis{gorlov:2018,
    author = {Н. Г. Горлов},
    title = {{XML}-формат синтаксической разметки в {СКАТ}е},
    type = {Выпускная квалификационная работа},
    institution = {СПбГУ},
    OPTaddress = {СПб.},
    date = {2018},
    url = {https://dspace.spbu.ru/handle/11701/12451},
    urldate = {2020-06-01},
    langid = {russian},
}

@thesis{mikhailova:2012,
    author = {Н. М. Михайлова},
    title = {Формат синтаксической разметки Санкт"=Петербургского корпуса агиографических текстов},
    type = {Магистерская диссертация},
    institution = {СПбГУ},
    OPTaddress = {СПб.},
    date = {2012},
    langid = {russian},
}

@thesis{alexeev:2011,
    author = {В. А. Алексеев},
    title = {Расширение и реализация формата описания грамматических и графических данных корпуса {СКАТ}},
    type = {Магистерская диссертация},
    institution = {СПбГУ},
    OPTaddress = {СПб.},
    date = {2011},
    langid = {russian},
}

@thesis{kasjanenko:2010,
    author = {С. Е. Касьяненко},
    title = {Автоматическое составление историко"=грамматической характеристики рукописи на основе грамматической разметки в корпусе {СКАТ} (на материале существительных)},
    type = {Дипломное сочинение},
    institution = {СПбГУ},
    OPTaddress = {СПб.},
    date = {2010},
    langid = {russian},
}

@thesis{alexeev:2009,
    author = {В. А. Алексеев},
    title = {Реализация графического представления агиографического корпуса {СКАТ} в соответствии с рекомендациями {TEI}},
    type = {Дипломное сочинение},
    institution = {СПбГУ},
    OPTaddress = {СПб.},
    date = {2009},
    langid = {russian},
}

@thesis{uflyand:2008,
    author = {Е. Г. Уфлянд},
    title = {Автоматическое сведение орфографических вариантов словоформ в электронном корпусе текстов по памятникам агиографической литературы 16--17 веков "<{СКАТ}">},
    type = {Дипломное сочинение},
    institution = {СПбГУ},
    OPTaddress = {СПб.},
    date = {2008},
    langid = {russian},
}

@thesis{ivanova:2006,
    author = {Е. С. Иванова},
    title = {Схема разметки текста для электронной публикации древнерусских рукописей},
    type = {Дипломное сочинение},
    institution = {СПбГУ},
    OPTaddress = {СПб.},
    date = {2006},
    langid = {russian},
}
